
@book{chapra_numerical_2021,
	address = {New York, NY},
	edition = {Eighth edition},
	title = {Numerical methods for engineers},
	isbn = {9781260232073 9781260484588},
	publisher = {McGraw-Hill Education},
	author = {Chapra, Steven C. and Canale, Raymond P.},
	year = {2021},
	keywords = {Engineering mathematics, Data processing, Numerical calculations, Data processing, Microcomputers, Programming},
}
