
@online{ali_mAnswerWhyDoes2015,
  title = {Answer to "{{Why}} Does Numpy.Linalg.Solve() Offer More Precise Matrix Inversions than Numpy.Linalg.Inv()?"},
  shorttitle = {Answer to "{{Why}} Does Numpy.Linalg.Solve() Offer More Precise Matrix Inversions than Numpy.Linalg.Inv()?},
  author = {{ali\_m}},
  date = {2015-07-07},
  url = {https://stackoverflow.com/a/31257909/9344822},
  urldate = {2022-04-22},
  organization = {{Stack Overflow}},
  file = {/Users/ms/Zotero/storage/LJKIQ2NQ/why-does-numpy-linalg-solve-offer-more-precise-matrix-inversions-than-numpy-li.html}
}

@book{chapraNumericalMethodsEngineers2020,
  title = {Numerical {{Methods}} for {{Engineers}}},
  author = {Chapra, Steven and Canale, Raymond},
  date = {2020-03-03},
  edition = {8th edition},
  publisher = {{McGraw Hill}},
  location = {{New York, NY}},
  isbn = {978-1-260-23207-3},
  langid = {english},
  pagetotal = {1008}
}

@online{Gesv,
  title = {?Gesv},
  shorttitle = {?},
  url = {https://www.intel.com/content/www/us/en/develop/documentation/onemkl-developer-reference-c/top/lapack-routines/lapack-linear-equation-routines/lapack-linear-equation-driver-routines/gesv.html},
  urldate = {2022-04-22},
  abstract = {Intel® oneAPI Math Kernel Library Developer Reference for C},
  langid = {english},
  organization = {{Intel}},
  file = {/Users/ms/Zotero/storage/GILCJJFK/gesv.html}
}

@online{Overview,
  title = {Overview},
  url = {https://www.intel.com/content/www/us/en/develop/documentation/onemkl-developer-reference-c/top/overview.html},
  urldate = {2022-04-22},
  abstract = {Intel® oneAPI Math Kernel Library Developer Reference for C},
  langid = {english},
  organization = {{Intel}},
  file = {/Users/ms/Zotero/storage/XEDZW6CC/overview.html}
}


